@book{book1, 
author = {J. Kobayashi}, 
booktitle = {IEEE Conference on Robotics, Automation and Mechatronics}, 
title = {Entrainment property analysis of Van der Pol oscillator driving a spring-mass system for large force generation by averaging method}, 
year = {2010}, 
pages = {498-503},  
month = {June}
}

@book{book2, 
author = {X. Min and Z. W. Xing}, 
booktitle = {Control Conference (CCC), 2012 31st Chinese}, 
title  = {Hopf-type bifurcation and synchronization of a fractional order Van der Pol oscillator}, 
year = {2012}, 
pages = {193-198}, 
month = {July}
}